@article{fillmore2007moderate,
  title={Moderate alcohol use and reduced mortality risk: systematic error in prospective studies and new hypotheses},
  author={Fillmore, Kaye Middleton and Stockwell, Tim and Chikritzhs, Tanya and Bostrom, Alan and Kerr, William},
  journal={Annals of epidemiology},
  volume={17},
  number={5},
  pages={S16--S23},
  year={2007},
  publisher={Elsevier}
};

@article{neyman1923,
  title={On the application of probability theory to agricultural experiments.},
  author={Neyman, Jerzy},
  journal={Statistical Science},
  number={9},
  pages={S465––S472},
  year={1923},
};

@article{rubin1980,
  ISSN = {01621459, 1537274X},
  author = {Donald B. Rubin},
  journal = {Journal of the American Statistical Association},
  number = {371},
  pages = {591--593},
  publisher = {[American Statistical Association, Taylor & Francis, Ltd.]},
  title = {Randomization Analysis of Experimental Data: The Fisher Randomization Test Comment},
  urldate = {2024-09-05},
  volume = {75},
  year = {1980}
};

@techreport{athey2019surrogate,
  title={The surrogate index: Combining short-term proxies to estimate long-term treatment effects more rapidly and precisely},
  author={Athey, Susan and Chetty, Raj and Imbens, Guido W and Kang, Hyunseung},
  year={2019},
  institution={National Bureau of Economic Research}
};