@article{karni1987preference,
  title={" Preference reversal" and the observability of preferences by experimental methods},
  author={Karni, Edi and Safra, Zvi},
  journal={Econometrica: Journal of the Econometric Society},
  pages={675--685},
  year={1987},
  publisher={JSTOR}
};

@article{simonson1989choice,
  title={Choice based on reasons: The case of attraction and compromise effects},
  author={Simonson, Itamar},
  journal={Journal of consumer research},
  volume={16},
  number={2},
  pages={158--174},
  year={1989},
  publisher={The University of Chicago Press}
};

@article{simonson1992choice,
  title={Choice in context: Tradeoff contrast and extremeness aversion},
  author={Simonson, Itamar and Tversky, Amos},
  journal={Journal of marketing research},
  volume={29},
  number={3},
  pages={281--295},
  year={1992},
  publisher={SAGE Publications Sage CA: Los Angeles, CA}
};

@article{evangelidis2018asymmetric,
  title={The asymmetric impact of context on advantaged versus disadvantaged options},
  author={Evangelidis, Ioannis and Levav, Jonathan and Simonson, Itamar},
  journal={Journal of Marketing Research},
  volume={55},
  number={2},
  pages={239--253},
  year={2018},
  publisher={SAGE Publications Sage CA: Los Angeles, CA}
};