@article{fuchs2022dynamic,
  title={Dynamic bargaining with private information},
  author={Fuchs, William and Skrzypacz, Andrzej},
  journal={Bargaining: Current Research and Future Directions},
  pages={61--86},
  year={2022},
  publisher={Springer}
};
@article{chaussees1985infinite,
  title={Infinite-horizon models of bargaining with one-sided incomplete information},
  author={Chaussees, ENDPE},
  journal={Game-theoretic models of bargaining},
  pages={73--98},
  year={1985},
  publisher={Cambridge University Press West Nyack, NY}
};
@article{gul1986foundations,
  title={Foundations of dynamic monopoly and the Coase conjecture},
  author={Gul, Faruk and Sonnenschein, Hugo and Wilson, Robert},
  journal={Journal of economic Theory},
  volume={39},
  number={1},
  pages={155--190},
  year={1986},
  publisher={Elsevier}
};