@article{fuchs2022dynamic,
  title={Dynamic bargaining with private information},
  author={Fuchs, William and Skrzypacz, Andrzej},
  journal={Bargaining: Current Research and Future Directions},
  pages={61--86},
  year={2022},
  publisher={Springer}
};
@article{fudenberg1985infinite,
  title={Infinite-Horizon Models of Bargaining with One-Sided Incomplete Information},
  author={Fudenberg, Drew and Levine, David and Tirole, Jean},
  journal={Game Theoric Models of Bargaining},
  pages={73--98},
  year={1985},
  publisher={Cambridge University Press}
};
@article{gul1986foundations,
  title={Foundations of dynamic monopoly and the Coase conjecture},
  author={Gul, Faruk and Sonnenschein, Hugo and Wilson, Robert},
  journal={Journal of economic Theory},
  volume={39},
  number={1},
  pages={155--190},
  year={1986},
  publisher={Elsevier}
};
@article{ausubel1989reputation,
  title={Reputation in bargaining and durable goods monopoly},
  author={Ausubel, Lawrence M and Deneckere, Raymond J},
  journal={Econometrica: Journal of the Econometric Society},
  pages={511--531},
  year={1989},
  publisher={JSTOR}
};
@article{coase1972durability,
  title={Durability and monopoly},
  author={Coase, Ronald H},
  journal={The Journal of Law and Economics},
  volume={15},
  number={1},
  pages={143--149},
  year={1972},
  publisher={The University of Chicago Law School}
};
@article{deneckere2006bargaining,
  title={Bargaining with interdependent values},
  author={Deneckere, Raymond and Liang, Meng-Yu},
  journal={Econometrica},
  volume={74},
  number={5},
  pages={1309--1364},
  year={2006},
  publisher={Wiley Online Library}
};

@article{choi2018consumer,
  title={Consumer search and price competition},
  author={Choi, Michael and Dai, Anovia Yifan and Kim, Kyungmin},
  journal={Econometrica},
  volume={86},
  number={4},
  pages={1257--1281},
  year={2018},
  publisher={Wiley Online Library}
};

@article{kuksov2006search,
  title={Search, common knowledge, and competition},
  author={Kuksov, Dmitri},
  journal={Journal of Economic Theory},
  volume={130},
  number={1},
  pages={95--108},
  year={2006},
  publisher={Elsevier}
};

@article{kuksov2010more,
  title={When more alternatives lead to less choice},
  author={Kuksov, Dmitri and Villas-Boas, J Miguel},
  journal={Marketing Science},
  volume={29},
  number={3},
  pages={507--524},
  year={2010},
  publisher={INFORMS}
};

@article{ning2023bargaining,
  title={Bargaining Between Collaborators of a Stochastic Project},
  author={Ning, Z Eddie},
  journal={Available at SSRN 3679737},
  year={2023}
};

@article{fudenberg2006dual,
  title={A dual-self model of impulse control},
  author={Fudenberg, Drew and Levine, David K},
  journal={American economic review},
  volume={96},
  number={5},
  pages={1449--1476},
  year={2006},
  publisher={American Economic Association}
};