@article{karni1987preference,
  title={" Preference reversal" and the observability of preferences by experimental methods},
  author={Karni, Edi and Safra, Zvi},
  journal={Econometrica: Journal of the Econometric Society},
  pages={675--685},
  year={1987},
  publisher={JSTOR}
};
