@article{karni1987preference,
  title={" Preference reversal" and the observability of preferences by experimental methods},
  author={Karni, Edi and Safra, Zvi},
  journal={Econometrica: Journal of the Econometric Society},
  pages={675--685},
  year={1987},
  publisher={JSTOR}
};

@article{simonson1989choice,
  title={Choice based on reasons: The case of attraction and compromise effects},
  author={Simonson, Itamar},
  journal={Journal of consumer research},
  volume={16},
  number={2},
  pages={158--174},
  year={1989},
  publisher={The University of Chicago Press}
}