@article{fuchs2022dynamic,
  title={Dynamic bargaining with private information},
  author={Fuchs, William and Skrzypacz, Andrzej},
  journal={Bargaining: Current Research and Future Directions},
  pages={61--86},
  year={2022},
  publisher={Springer}
};
