@article{karni1987preference,
  title={" Preference reversal" and the observability of preferences by experimental methods},
  author={Karni, Edi and Safra, Zvi},
  journal={Econometrica: Journal of the Econometric Society},
  pages={675--685},
  year={1987},
  publisher={JSTOR}
};

@article{simonson1989choice,
  title={Choice based on reasons: The case of attraction and compromise effects},
  author={Simonson, Itamar},
  journal={Journal of consumer research},
  volume={16},
  number={2},
  pages={158--174},
  year={1989},
  publisher={The University of Chicago Press}
};

@article{simonson1992choice,
  title={Choice in context: Tradeoff contrast and extremeness aversion},
  author={Simonson, Itamar and Tversky, Amos},
  journal={Journal of marketing research},
  volume={29},
  number={3},
  pages={281--295},
  year={1992},
  publisher={SAGE Publications Sage CA: Los Angeles, CA}
};

@article{evangelidis2018asymmetric,
  title={The asymmetric impact of context on advantaged versus disadvantaged options},
  author={Evangelidis, Ioannis and Levav, Jonathan and Simonson, Itamar},
  journal={Journal of Marketing Research},
  volume={55},
  number={2},
  pages={239--253},
  year={2018},
  publisher={SAGE Publications Sage CA: Los Angeles, CA}
};

@article{evangelidis2023upscaling,
  title={The upscaling effect: how the decision context influences tradeoffs between desirability and feasibility},
  author={Evangelidis, Ioannis and Levav, Jonathan and Simonson, Itamar},
  journal={Journal of Consumer Research},
  volume={50},
  number={3},
  pages={492--509},
  year={2023},
  publisher={Oxford University Press}
};

@article{wilson1993introspecting,
  title={Introspecting about reasons can reduce post-choice satisfaction},
  author={Wilson, Timothy D and Lisle, Douglas J and Schooler, Jonathan W and Hodges, Sara D and Klaaren, Kristen J and LaFleur, Suzanne J},
  journal={Personality and Social Psychology Bulletin},
  volume={19},
  number={3},
  pages={331--339},
  year={1993},
  publisher={Sage Publications Sage CA: Thousand Oaks, CA}
};

@article{dijksterhuis2006making,
  title={On making the right choice: The deliberation-without-attention effect},
  author={Dijksterhuis, Ap and Bos, Maarten W and Nordgren, Loran F and Van Baaren, Rick B},
  journal={Science},
  volume={311},
  number={5763},
  pages={1005--1007},
  year={2006},
  publisher={American Association for the Advancement of Science}
};

@article{dijksterhuis2006theory,
  title={A theory of unconscious thought},
  author={Dijksterhuis, Ap and Nordgren, Loran F},
  journal={Perspectives on Psychological science},
  volume={1},
  number={2},
  pages={95--109},
  year={2006},
  publisher={SAGE Publications Sage CA: Los Angeles, CA}
};

@article{lee2009search,
  title={In search of homo economicus: Cognitive noise and the role of emotion in preference consistency},
  author={Lee, Leonard and Amir, On and Ariely, Dan},
  journal={Journal of consumer research},
  volume={36},
  number={2},
  pages={173--187},
  year={2009},
  publisher={The University of Chicago Press}
};

@article{pham2012feeling,
  title={Feeling the future: The emotional oracle effect},
  author={Pham, Michel Tuan and Lee, Leonard and Stephen, Andrew T},
  journal={Journal of Consumer Research},
  volume={39},
  number={3},
  pages={461--477},
  year={2012},
  publisher={University of Chicago Press Chicago, IL}
};

@article{moore2008trouble,
  title={The trouble with overconfidence.},
  author={Moore, Don A and Healy, Paul J},
  journal={Psychological review},
  volume={115},
  number={2},
  pages={502},
  year={2008},
  publisher={American Psychological Association}
};

@article{mannes2014wisdom,
  title={The wisdom of select crowds.},
  author={Mannes, Albert E and Soll, Jack B and Larrick, Richard P},
  journal={Journal of personality and social psychology},
  volume={107},
  number={2},
  pages={276},
  year={2014},
  publisher={American Psychological Association}
};

@article{simmons2011intuitive,
  title={Intuitive biases in choice versus estimation: Implications for the wisdom of crowds},
  author={Simmons, Joseph P and Nelson, Leif D and Galak, Jeff and Frederick, Shane},
  journal={Journal of Consumer Research},
  volume={38},
  number={1},
  pages={1--15},
  year={2011},
  publisher={University of Chicago Press Chicago, IL}
};

@article{gaertig2021psychology,
  title={The psychology of second guesses: Implications for the wisdom of the inner crowd},
  author={Gaertig, Celia and Simmons, Joseph P},
  journal={Management Science},
  volume={67},
  number={9},
  pages={5921--5942},
  year={2021},
  publisher={INFORMS}
};

@book{frijda2017laws,
  title={The laws of emotion},
  author={Frijda, Nico H},
  year={2017},
  publisher={Psychology Press}
};

@article{loomes1982regret,
  title={Regret theory: An alternative theory of rational choice under uncertainty},
  author={Loomes, Graham and Sugden, Robert},
  journal={The economic journal},
  volume={92},
  number={368},
  pages={805--824},
  year={1982},
  publisher={Oxford University Press Oxford, UK}
};

@article{zeelenberg2007theory,
  title={A theory of regret regulation 1.0},
  author={Zeelenberg, Marcel and Pieters, Rik},
  journal={Journal of Consumer psychology},
  volume={17},
  number={1},
  pages={3--18},
  year={2007},
  publisher={Wiley Online Library}
};

@article{fox1995ambiguity,
  title={Ambiguity aversion and comparative ignorance},
  author={Fox, Craig R and Tversky, Amos},
  journal={The quarterly journal of economics},
  volume={110},
  number={3},
  pages={585--603},
  year={1995},
  publisher={MIT Press}
};

@article{gneezy2006uncertainty,
  title={The uncertainty effect: When a risky prospect is valued less than its worst possible outcome},
  author={Gneezy, Uri and List, John A and Wu, George},
  journal={The Quarterly Journal of Economics},
  volume={121},
  number={4},
  pages={1283--1309},
  year={2006},
  publisher={MIT Press}
};

@article{mazar2017retailing,
  title={When retailing and Las Vegas meet: Probabilistic free price promotions},
  author={Mazar, Nina and Shampanier, Kristina and Ariely, Dan},
  journal={Management Science},
  volume={63},
  number={1},
  pages={250--266},
  year={2017},
  publisher={INFORMS}
};