@article{fuchs2022dynamic,
  title={Dynamic bargaining with private information},
  author={Fuchs, William and Skrzypacz, Andrzej},
  journal={Bargaining: Current Research and Future Directions},
  pages={61--86},
  year={2022},
  publisher={Springer}
};
@article{chaussees1985infinite,
  title={Infinite-horizon models of bargaining with one-sided incomplete information},
  author={Chaussees, ENDPE},
  journal={Game-theoretic models of bargaining},
  pages={73--98},
  year={1985},
  publisher={Cambridge University Press West Nyack, NY}
};