@article{fuchs2022dynamic,
  title={Dynamic bargaining with private information},
  author={Fuchs, William and Skrzypacz, Andrzej},
  journal={Bargaining: Current Research and Future Directions},
  pages={61--86},
  year={2022},
  publisher={Springer}
};
@article{fudenberg1985infinite,
  title={Infinite-Horizon Models of Bargaining with One-Sided Incomplete Information},
  author={Fudenberg, Drew and Levine, David and Tirole, Jean},
  journal={Game Theoric Models of Bargaining},
  pages={73--98},
  year={1985},
  publisher={Cambridge University Press}
};
@article{gul1986foundations,
  title={Foundations of dynamic monopoly and the Coase conjecture},
  author={Gul, Faruk and Sonnenschein, Hugo and Wilson, Robert},
  journal={Journal of economic Theory},
  volume={39},
  number={1},
  pages={155--190},
  year={1986},
  publisher={Elsevier}
};
@article{ausubel1989reputation,
  title={Reputation in bargaining and durable goods monopoly},
  author={Ausubel, Lawrence M and Deneckere, Raymond J},
  journal={Econometrica: Journal of the Econometric Society},
  pages={511--531},
  year={1989},
  publisher={JSTOR}
};