@article{kreps1994signalling,
  title={Signalling},
  author={Kreps, David M and Sobel, Joel},
  journal={Handbook of game theory with economic applications},
  volume={2},
  pages={849--867},
  year={1994},
  publisher={Elsevier}
}