%% This BibTeX bibliography file was created using BibDesk.
%% https://bibdesk.sourceforge.io/

%% Created for 杨文潇 at 2023-07-29 15:51:19 -0700 


%% Saved with string encoding Unicode (UTF-8) 


@comment{$ biblatex control file $}
@comment{$ biblatex bcf format version 3.10 $}



@control{biblatex-control,
	options = {3.10:0:0:1:0:1:1:0:0:0:0:1:3:1:3:1:0:0:3:1:79:+:+:nty}}
