@article{rambachan2024identifying,
  title={Identifying prediction mistakes in observational data},
  author={Rambachan, Ashesh},
  journal={The Quarterly Journal of Economics},
  pages={qjae013},
  year={2024},
  publisher={Oxford University Press}
};
