@article{rambachan2024identifying,
  title={Identifying prediction mistakes in observational data},
  author={Rambachan, Ashesh},
  journal={The Quarterly Journal of Economics},
  pages={qjae013},
  year={2024},
  publisher={Oxford University Press}
};

@article{dinerstein2018consumer,
  title={Consumer price search and platform design in internet commerce},
  author={Dinerstein, Michael and Einav, Liran and Levin, Jonathan and Sundaresan, Neel},
  journal={American Economic Review},
  volume={108},
  number={7},
  pages={1820--1859},
  year={2018},
  publisher={American Economic Association 2014 Broadway, Suite 305, Nashville, TN 37203}
};