@article{working1927statistical,
  title={What do statistical “demand curves” show?},
  author={Working, Elmer J},
  journal={The Quarterly Journal of Economics},
  volume={41},
  number={2},
  pages={212--235},
  year={1927},
  publisher={MIT Press}
};

@article{berry1995automobile,
  title={Automobile Prices in Market Equilibrium},
  author={Berry, Steven and Levinsohn, James and Pakes, Ariel},
  journal={Econometrica: Journal of the Econometric Society},
  pages={841--890},
  year={1995},
  publisher={JSTOR}
};

@article{angrist2000interpretation,
  title={The interpretation of instrumental variables estimators in simultaneous equations models with an application to the demand for fish},
  author={Angrist, Joshua D and Graddy, Kathryn and Imbens, Guido W},
  journal={The Review of Economic Studies},
  volume={67},
  number={3},
  pages={499--527},
  year={2000},
  publisher={Wiley-Blackwell}
};

@incollection{berry2021foundations,
  title={Foundations of demand estimation},
  author={Berry, Steven T and Haile, Philip A},
  booktitle={Handbook of industrial organization},
  volume={4},
  number={1},
  pages={1--62},
  year={2021},
  publisher={Elsevier}
};

@article{berry1994estimating,
  title={Estimating discrete-choice models of product differentiation},
  author={Berry, Steven T},
  journal={The RAND Journal of Economics},
  pages={242--262},
  year={1994},
  publisher={JSTOR}
};

@article{nevo2001measuring,
  title={Measuring market power in the ready-to-eat cereal industry},
  author={Nevo, Aviv},
  journal={Econometrica},
  volume={69},
  number={2},
  pages={307--342},
  year={2001},
  publisher={Wiley Online Library}
};