@article{working1927statistical,
  title={What do statistical “demand curves” show?},
  author={Working, Elmer J},
  journal={The Quarterly Journal of Economics},
  volume={41},
  number={2},
  pages={212--235},
  year={1927},
  publisher={MIT Press}
};

@article{berry1995automobile,
  title={Automobile Prices in Market Equilibrium},
  author={Berry, Steven and Levinsohn, James and Pakes, Ariel},
  journal={Econometrica: Journal of the Econometric Society},
  pages={841--890},
  year={1995},
  publisher={JSTOR}
};