@article{working1927statistical,
  title={What do statistical “demand curves” show?},
  author={Working, Elmer J},
  journal={The Quarterly Journal of Economics},
  volume={41},
  number={2},
  pages={212--235},
  year={1927},
  publisher={MIT Press}
};