@article{working1927statistical,
  title={What do statistical “demand curves” show?},
  author={Working, Elmer J},
  journal={The Quarterly Journal of Economics},
  volume={41},
  number={2},
  pages={212--235},
  year={1927},
  publisher={MIT Press}
};

@article{berry1995automobile,
  title={Automobile Prices in Market Equilibrium},
  author={Berry, Steven and Levinsohn, James and Pakes, Ariel},
  journal={Econometrica: Journal of the Econometric Society},
  pages={841--890},
  year={1995},
  publisher={JSTOR}
};

@article{angrist2000interpretation,
  title={The interpretation of instrumental variables estimators in simultaneous equations models with an application to the demand for fish},
  author={Angrist, Joshua D and Graddy, Kathryn and Imbens, Guido W},
  journal={The Review of Economic Studies},
  volume={67},
  number={3},
  pages={499--527},
  year={2000},
  publisher={Wiley-Blackwell}
};