@article{working1927statistical,
  title={What do statistical “demand curves” show?},
  author={Working, Elmer J},
  journal={The Quarterly Journal of Economics},
  volume={41},
  number={2},
  pages={212--235},
  year={1927},
  publisher={MIT Press}
};

@article{berry1995automobile,
  title={Automobile Prices in Market Equilibrium},
  author={Berry, Steven and Levinsohn, James and Pakes, Ariel},
  journal={Econometrica: Journal of the Econometric Society},
  pages={841--890},
  year={1995},
  publisher={JSTOR}
};

@article{angrist2000interpretation,
  title={The interpretation of instrumental variables estimators in simultaneous equations models with an application to the demand for fish},
  author={Angrist, Joshua D and Graddy, Kathryn and Imbens, Guido W},
  journal={The Review of Economic Studies},
  volume={67},
  number={3},
  pages={499--527},
  year={2000},
  publisher={Wiley-Blackwell}
};

@incollection{berry2021foundations,
  title={Foundations of demand estimation},
  author={Berry, Steven T and Haile, Philip A},
  booktitle={Handbook of industrial organization},
  volume={4},
  number={1},
  pages={1--62},
  year={2021},
  publisher={Elsevier}
};

@article{berry1994estimating,
  title={Estimating discrete-choice models of product differentiation},
  author={Berry, Steven T},
  journal={The RAND Journal of Economics},
  pages={242--262},
  year={1994},
  publisher={JSTOR}
};

@article{nevo2001measuring,
  title={Measuring market power in the ready-to-eat cereal industry},
  author={Nevo, Aviv},
  journal={Econometrica},
  volume={69},
  number={2},
  pages={307--342},
  year={2001},
  publisher={Wiley Online Library}
};

@article{mcfadden1972conditional,
  title={Conditional logit analysis of qualitative choice behavior},
  author={McFadden, Daniel},
  year={1972}
};

@article{mcfadden1981econometric,
  title={Econometric models of probabilistic choice, structural analysis of discrete data with econometric applications},
  author={McFadden, Daniel},
  journal={Cambridge: MIT press},
  year={1981}
};

@article{petrin2002quantifying,
  title={Quantifying the benefits of new products: The case of the minivan},
  author={Petrin, Amil},
  journal={Journal of political Economy},
  volume={110},
  number={4},
  pages={705--729},
  year={2002},
  publisher={The University of Chicago Press}
};

@article{goldberg1995product,
  title={Product differentiation and oligopoly in international markets: The case of the US automobile industry},
  author={Goldberg, Pinelopi Koujianou},
  journal={Econometrica: Journal of the Econometric Society},
  pages={891--951},
  year={1995},
  publisher={JSTOR}
};

@article{berry2004differentiated,
  title={Differentiated products demand systems from a combination of micro and macro data: The new car market},
  author={Berry, Steven and Levinsohn, James and Pakes, Ariel},
  journal={Journal of political Economy},
  volume={112},
  number={1},
  pages={68--105},
  year={2004},
  publisher={The University of Chicago Press}
};

@article{miller2017understanding,
  title={Understanding the price effects of the MillerCoors joint venture},
  author={Miller, Nathan H and Weinberg, Matthew C},
  journal={Econometrica},
  volume={85},
  number={6},
  pages={1763--1791},
  year={2017},
  publisher={Wiley Online Library}
};

@article{grieco2022conformant,
  title={Conformant and efficient estimation of discrete choice demand models},
  author={Grieco, Paul LE and Murry, Charles and Pinkse, Joris and Sagl, Stephan}
};

@article{conlon2020best,
  title={Best practices for differentiated products demand estimation with pyblp},
  author={Conlon, Christopher and Gortmaker, Jeff},
  journal={The RAND Journal of Economics},
  volume={51},
  number={4},
  pages={1108--1161},
  year={2020},
  publisher={Wiley Online Library}
};

@article{dube2012improving,
  title={Improving the numerical performance of static and dynamic aggregate discrete choice random coefficients demand estimation},
  author={Dub{\'e}, Jean-Pierre and Fox, Jeremy T and Su, Che-Lin},
  journal={Econometrica},
  volume={80},
  number={5},
  pages={2231--2267},
  year={2012},
  publisher={Wiley Online Library}
};

@article{chamberlain1987asymptotic,
  title={Asymptotic efficiency in estimation with conditional moment restrictions},
  author={Chamberlain, Gary},
  journal={Journal of econometrics},
  volume={34},
  number={3},
  pages={305--334},
  year={1987},
  publisher={Elsevier}
};